{
  "leader": "06147cam a2200445 i 4500",
  "fields": [
    {
      "001": "ocn952206663"
    },
    {
      "003": "OCoLC"
    },
    {
      "005": "20220104135129.0"
    },
    {
      "008": "170726t20172017nyu\\\\\\\\\\\\b\\\\\\\\001\\0\\eng\\d"
    },
    {
      "010": {
        "ind1": "\\",
        "ind2": "\\",
        "subfields": [
          {
            "a": "  2017301122"
          }
        ]
      }
    },
    {
      "040": {
        "ind1": "\\",
        "ind2": "\\",
        "subfields": [
          {
            "a": "YDXCP"
          },
          {
            "b": "eng"
          },
          {
            "e": "rda"
          },
          {
            "c": "DLC"
          },
          {
            "d": "YDXCP"
          },
          {
            "d": "BTCTA"
          },
          {
            "d": "WIM"
          },
          {
            "d": "CLE"
          },
          {
            "d": "FM0"
          },
          {
            "d": "BDX"
          },
          {
            "d": "M{dollar}I"
          },
          {
            "d": "VP@"
          },
          {
            "d": "OCLCF"
          },
          {
            "d": "T3B"
          },
          {
            "d": "CHVBK"
          },
          {
            "d": "EQO"
          },
          {
            "d": "TOH"
          },
          {
            "d": "YDX"
          },
          {
            "d": "IGA"
          },
          {
            "d": "OCLCO"
          },
          {
            "d": "GZM"
          },
          {
            "d": "TFF"
          },
          {
            "d": "FIE"
          },
          {
            "d": "K6U"
          },
          {
            "d": "NBO"
          },
          {
            "d": "MOU"
          },
          {
            "d": "B@L"
          },
          {
            "d": "TUL"
          },
          {
            "d": "OCLCQ"
          },
          {
            "d": "WVU"
          },
          {
            "d": "OCLCO"
          },
          {
            "d": "OCLCQ"
          },
          {
            "d": "UIU"
          },
          {
            "d": "FTX"
          },
          {
            "d": "FSP"
          },
          {
            "d": "HCO"
          },
          {
            "d": "GILDS"
          },
          {
            "d": "NJB"
          },
          {
            "d": "IOD"
          },
          {
            "d": "VLW"
          },
          {
            "d": "IOJ"
          },
          {
            "d": "RIU"
          },
          {
            "d": "WLU"
          },
          {
            "d": "PAU"
          },
          {
            "d": "UOK"
          },
          {
            "d": "CREBL"
          },
          {
            "d": "CEF"
          },
          {
            "d": "RCL"
          },
          {
            "d": "SPP"
          },
          {
            "d": "OCLCQ"
          },
          {
            "d": "OCLCO"
          },
          {
            "d": "NAM"
          },
          {
            "d": "MND"
          },
          {
            "d": "NTG"
          },
          {
            "d": "JDP"
          },
          {
            "d": "OCLCQ"
          },
          {
            "d": "MLSOD"
          },
          {
            "d": "OCLCQ"
          },
          {
            "d": "OCLCA"
          },
          {
            "d": "JTV"
          },
          {
            "d": "LGG"
          },
          {
            "d": "BCLCN"
          },
          {
            "d": "LMJ"
          },
          {
            "d": "OCLCQ"
          },
          {
            "d": "OCLCA"
          },
          {
            "d": "OCLCQ"
          },
          {
            "d": "OCLCO"
          },
          {
            "d": "CNGUL"
          }
        ]
      }
    },
    {
      "019": {
        "ind1": "\\",
        "ind2": "\\",
        "subfields": [
          {
            "a": "984081779"
          },
          {
            "a": "984345580"
          },
          {
            "a": "985007561"
          },
          {
            "a": "989549665"
          }
        ]
      }
    },
    {
      "020": {
        "ind1": "\\",
        "ind2": "\\",
        "subfields": [
          {
            "a": "9780062347176"
          },
          {
            "q": "(hbk.)"
          }
        ]
      }
    },
    {
      "020": {
        "ind1": "\\",
        "ind2": "\\",
        "subfields": [
          {
            "a": "0062347179"
          },
          {
            "q": "(hbk.)"
          }
        ]
      }
    },
    {
      "035": {
        "ind1": "\\",
        "ind2": "\\",
        "subfields": [
          {
            "a": "(OCoLC)952206663"
          },
          {
            "z": "(OCoLC)984081779"
          },
          {
            "z": "(OCoLC)984345580"
          },
          {
            "z": "(OCoLC)985007561"
          },
          {
            "z": "(OCoLC)989549665"
          }
        ]
      }
    },
    {
      "037": {
        "ind1": "\\",
        "ind2": "\\",
        "subfields": [
          {
            "b": "Harpercollins, 53 Glenmaura National Blvd Ste 300, Moosaic, PA, USA, 18507-2132"
          },
          {
            "n": "SAN 200-2086"
          }
        ]
      }
    },
    {
      "042": {
        "ind1": "\\",
        "ind2": "\\",
        "subfields": [
          {
            "a": "lccopycat"
          }
        ]
      }
    },
    {
      "050": {
        "ind1": "0",
        "ind2": "0",
        "subfields": [
          {
            "a": "HF1134.H4"
          },
          {
            "b": "M33 2017"
          }
        ]
      }
    },
    {
      "082": {
        "ind1": "0",
        "ind2": "0",
        "subfields": [
          {
            "a": "650.07117444"
          },
          {
            "b": "MCD"
          }
        ]
      }
    },
    {
      "100": {
        "ind1": "1",
        "ind2": "\\",
        "subfields": [
          {
            "a": "McDonald, Duff,"
          },
          {
            "e": "author."
          }
        ]
      }
    },
    {
      "245": {
        "ind1": "1",
        "ind2": "4",
        "subfields": [
          {
            "a": "The golden passport :"
          },
          {
            "b": "Harvard Business School, the limits of capitalism, and the moral failure of the MBA elite /"
          },
          {
            "c": "Duff McDonald."
          }
        ]
      }
    },
    {
      "250": {
        "ind1": "\\",
        "ind2": "\\",
        "subfields": [
          {
            "a": "First edition."
          }
        ]
      }
    },
    {
      "264": {
        "ind1": "\\",
        "ind2": "1",
        "subfields": [
          {
            "a": "New York :"
          },
          {
            "b": "Harper Business, an imprint of HarperCollinsPublishers,"
          },
          {
            "c": "[2017]"
          }
        ]
      }
    },
    {
      "264": {
        "ind1": "\\",
        "ind2": "4",
        "subfields": [
          {
            "c": "\u00a92017"
          }
        ]
      }
    },
    {
      "300": {
        "ind1": "\\",
        "ind2": "\\",
        "subfields": [
          {
            "a": "ix, 657 pages ;"
          },
          {
            "c": "24 cm"
          }
        ]
      }
    },
    {
      "336": {
        "ind1": "\\",
        "ind2": "\\",
        "subfields": [
          {
            "a": "text"
          },
          {
            "b": "txt"
          },
          {
            "2": "rdacontent"
          }
        ]
      }
    },
    {
      "337": {
        "ind1": "\\",
        "ind2": "\\",
        "subfields": [
          {
            "a": "unmediated"
          },
          {
            "b": "n"
          },
          {
            "2": "rdamedia"
          }
        ]
      }
    },
    {
      "338": {
        "ind1": "\\",
        "ind2": "\\",
        "subfields": [
          {
            "a": "volume"
          },
          {
            "b": "nc"
          },
          {
            "2": "rdacarrier"
          }
        ]
      }
    },
    {
      "504": {
        "ind1": "\\",
        "ind2": "\\",
        "subfields": [
          {
            "a": "Includes bibliographical references and index."
          }
        ]
      }
    },
    {
      "505": {
        "ind1": "0",
        "ind2": "\\",
        "subfields": [
          {
            "a": "The experimenters: Charles Eliot and Abbott Lawrence Lowell -- A search for mission and method: Edwin Gay -- The \"scientist\": Frederick W. Taylor -- The first decade: 1910-1919 -- The case for the case method -- The idealist: Wallace Brett Donham -- The benefactors: George Baker, Sr. and Jr. -- Doctor who?: Elton Mayo -- A decade in review: 1920-1929 -- The first broadside: Abraham Flexner -- Friends in high places -- The marriage of moral authority and managerial control -- The venture capitalist: Georges Doriot -- A decade in review: 1930-1939 -- The West Point of capitalism -- The darling of the business elite: Donald David -- From the \"retreads\" to the cre\u0300me de la cre\u0300me -- Temporary support of the workingman -- The class the dollars fell on: the '49ers -- A decade in review: 1940-1949 -- Organization man and the corporate cocoon -- The power elite -- The hidden hand -- The specialists: Robert Schlaifer and Howard Raiffa -- The philanthropist: Henry Ford II -- Spreading the gospel -- Gentlemen (and a few ladies) -- The legitimizer: Alfred Chandler -- A decade in review: 1950-1959 -- Peak influence -- The good, the bad, and the ugly -- The case against the case method -- A decade in review: 1960-1969 -- The myth of the well-educated manager -- Harvard Business Review: origins, heyday, and scandal -- Can leaders be manufactured? -- Can entrepreneurship be learned? -- The second broadside: Derek Bok -- Managing our way to economic decline -- A decade in review: 1970-1979 -- The subversive nature of a social conscience -- The murder of managerialism -- Managerialism was already dead -- The kindergarten class play -- Monetizing it -- The monopolist: Michael Porter -- Self-interest, with a side dish of ethics -- Life out of balance -- A decade in review: 1980-1989 -- The money mill -- The thorn in their side -- A decade in review: 1990-1999 -- The Microsoft of business schools -- The men who would be president -- The shame: Jeff Skilling -- The high art of self-congratulation -- The loyalty program -- The CEO pay gap -- A decade in review: 2000-2009 -- The next generation -- Nitin Nohria for president -- Epilogue: Can HBS lead the way forward?"
          }
        ]
      }
    },
    {
      "520": {
        "ind1": "\\",
        "ind2": "\\",
        "subfields": [
          {
            "a": "\"With The Firm, financial journalist Duff McDonald pulled back the curtain on consulting giant McKinsey and Company. In The Golden Passport, he reveals the inner works of a singular nexus of power, ambition, and influence: Harvard Business School. Harvard University still occupies a unique place in the public's imagination, but the Harvard Business School eclipsed its parent in terms of influence on modern society long ago. A Harvard degree guarantees respect. But a Harvard MBA near-guarantees entrance into Western capitalism's most powerful realm - the corner office. And because the School shapes the way its powerful graduates think, its influence extends well beyond their own lives. It affects the organizations they command, the economy they dominate, and society itself. Decisions and priorities at HBS touch every single one of us. Most people have a vague knowledge of the power of the HBS network, but few understand the dynamics that have made HBS an indestructible and dominant force for almost a century. Graduates of HBS share more than just an alma mater. They also share a way of thinking about how the world should work, and they have successfully molded the world to that vision - that is what truly binds them together. In addition to teasing out the essence of this exclusive, if not necessarily 'secret, ' club, McDonald explores two important questions: Has the school failed at reaching the goal it set for itself - 'the multiplication of men who will handle their current business problems in socially constructive ways?' Is HBS complicit in the moral failings of Western Capitalism? At a time of soaring economic inequality and growing political unrest, this hard-hitting yet fair portrait offers a much-needed look at an institution that has had a profound influence not just in the world of business but on the shape of our society - and on all our lives.\"--Dust jacket of work."
          }
        ]
      }
    },
    {
      "610": {
        "ind1": "2",
        "ind2": "0",
        "subfields": [
          {
            "a": "Harvard Business School."
          }
        ]
      }
    },
    {
      "610": {
        "ind1": "2",
        "ind2": "0",
        "subfields": [
          {
            "a": "Harvard Business School"
          },
          {
            "x": "Influence."
          }
        ]
      }
    },
    {
      "650": {
        "ind1": "\\",
        "ind2": "0",
        "subfields": [
          {
            "a": "Business ethics."
          }
        ]
      }
    },
    {
      "610": {
        "ind1": "2",
        "ind2": "7",
        "subfields": [
          {
            "a": "Harvard Business School."
          },
          {
            "2": "fast"
          },
          {
            "0": "(OCoLC)fst00762723"
          }
        ]
      }
    },
    {
      "650": {
        "ind1": "\\",
        "ind2": "7",
        "subfields": [
          {
            "a": "Business ethics."
          },
          {
            "2": "fast"
          },
          {
            "0": "(OCoLC)fst00842675"
          }
        ]
      }
    },
    {
      "650": {
        "ind1": "\\",
        "ind2": "7",
        "subfields": [
          {
            "a": "Influence (Literary, artistic, etc.)"
          },
          {
            "2": "fast"
          },
          {
            "0": "(OCoLC)fst00972484"
          }
        ]
      }
    },
    {
      "994": {
        "ind1": "\\",
        "ind2": "\\",
        "subfields": [
          {
            "a": "Z0"
          },
          {
            "b": "NYRVC"
          }
        ]
      }
    },
    {
      "948": {
        "ind1": "\\",
        "ind2": "\\",
        "subfields": [
          {
            "h": "NO HOLDINGS IN NYRVC - 581 OTHER HOLDINGS"
          }
        ]
      }
    },
    {
      "999": {
        "ind1": "\\",
        "ind2": "\\",
        "subfields": [
          {
            "a": "No barcode."
          }
        ]
      }
    }
  ]
}